@inproceedings{florensa2018automatic,
  title={Automatic goal generation for reinforcement learning agents},
  author={Florensa, Carlos and Held, David and Geng, Xinyang and Abbeel, Pieter},
  booktitle={International conference on machine learning},
  pages={1515--1528},
  year={2018},
  organization={PMLR}
}


@inproceedings{mao2017least,
  title={Least squares generative adversarial networks},
  author={Mao, Xudong and Li, Qing and Xie, Haoran and Lau, Raymond YK and Wang, Zhen and Paul Smolley, Stephen},
  booktitle={Proceedings of the IEEE international conference on computer vision},
  pages={2794--2802},
  year={2017}
}

@inproceedings{duan2016benchmarking,
  title={Benchmarking deep reinforcement learning for continuous control},
  author={Duan, Yan and Chen, Xi and Houthooft, Rein and Schulman, John and Abbeel, Pieter},
  booktitle={International conference on machine learning},
  pages={1329--1338},
  year={2016},
  organization={PMLR}
}

