@article{krueger2016zoneout,
  title={Zoneout: Regularizing rnns by randomly preserving hidden activations},
  author={Krueger, David and Maharaj, Tegan and Kram{\'a}r, J{\'a}nos and Pezeshki, Mohammad and Ballas, Nicolas and Ke, Nan Rosemary and Goyal, Anirudh and Bengio, Yoshua and Courville, Aaron and Pal, Chris},
  journal={arXiv preprint arXiv:1606.01305},
  year={2016}
}